@article{CURRENNT,
  author  = {Felix Weninger},
  title   = {Introducing CURRENNT: The Munich Open-Source CUDA RecurREnt Neural Network Toolkit},
  journal = {Journal of Machine Learning Research},
  year    = {2015},
  volume  = {16},
  pages   = {547-551},
  url     = {http://jmlr.org/papers/v16/weninger15a.html}
}
@misc{CURRENNTFORK,
    title = {A fork of {CURRENNT} to make it run against the latest {CUDA} toolkit},
    howpublished = "\url{https://github.com/keskival/currennt}"
}
@misc{PoC,
    title = {Toy example of an assembly simulation: {EventSimulator}},
    howpublished = "\url{https://github.com/keskival/EventSimulator}"
}
@article{LSTM,
    author = {Sepp Hochreiter and JÃ¼rgen Schmidhuber},
    title = {Long short-term memory},
    journal = {Neural Computation 9(8)},
    pages = {1735-1780},
    year = 1997,
    howpublished = "\url{http://deeplearning.cs.cmu.edu/pdfs/Hochreiter97_lstm.pdf}"
}
@misc{IndustryHack,
    title = "Cybercom Team Won the \#{IndustryHack} \#{HackTheFactory} \@{Fastems} - {Summary}",
    howpublished = "\url{https://www.linkedin.com/pulse/cybercom-team-won-industryhack-hackthefactory-fastems-keski-valkama}"
}
